Fichier				<biblio.bib>
Fournit_Biblio_Pour	<rim_sup.tex>
---------------------------------------------------------

=== BOGNY ===

@book{bogny2014,
	author={Bogny, Yapo J.},
	title={{Arguments, marqueurs aspecto-modaux et ordre des mots dans les langues Kwa : Une approche Minimaliste}},
	publisher={Th\`ese de doctorat d'\'Etat, Universit\'e F\'elix Houphou\"et-Boigny},
	address={Abidjan},
	year={2014},
}

@book{bogny_mptc,
	location = {Abidjan : C\^ote d'Ivoire},
	year={2018(manuscrit)},
	title = {Le Programme Minimaliste et la Transversalit\'e des Contraintes},
	author = {Bogny, Yapo J.}
	publisher={Manuscrit}
}

@article{ramchand2011minimalist,
	title={Minimalist semantics},
	author={Ramchand, Gillian},
	journal={The Oxford Handbook of Linguistic Mi-nimalism},
	year={2011},
	publisher={Oxford: Oxford University Press}
}


Chomsky MP 1995

@book{chomsky_minimalist_1995,
	location = {{MA} : Cambridge},
	edition = {{MIT} Press},
	title = {The Minimalist Program},
	author = {Chomsky, Noam},
	date = {1995}
}

Chomsky Trois facteurs [fr]

@article{chomsky2006trois,
  title={Trois facteurs dans l'architecture du langage},
  author={Chomsky, Noam},
  journal={Nouveaux cahiers de linguistique fran{\c{c}}aise},
  volume={27},
  pages={1--32},
  year={2006}
}


@misc{chomsky2004beyond,
  title={Beyond explanatory adequacy. Structures and Beyond. The cartography of syntactic structures, Volume 3, edited by Adriana Belletti, 104-131},
  author={Chomsky, Noam},
  year={2004},
  publisher={Oxford: Oxford University Press}
}


@article{fitch2005evolution,
  title={The evolution of the language faculty: clarifications and implications},
  author={Fitch, W Tecumseh and Hauser, Marc D and Chomsky, Noam},
  journal={Cognition},
  volume={97},
  number={2},
  pages={179--210},
  year={2005},
  publisher={Elsevier}
}



@article{gasparri2015minimal,
  title={Minimal Semantics and Word Sense Disambiguation},
  author={Gasparri, Luca},
  journal={Disputatio},
  volume={6},
  number={39},
  pages={147--171},
  year={2015},
  publisher={Centro de Filosof{\'\i}a da Universidad de Lisboa}
}

@book{borg2004minimal,
  title={Minimal semantics},
  author={Borg, Emma},
  year={2004},
  publisher={Oxford University Press}
}

@book{borg2007minimalism,
  title={Minimalism versus contextualism in semantics},
  author={Borg, Emma},
  year={2007},
  publisher={Oxford: Oxford University Press}
}

@article{borg2009semantic,
  title={Semantic minimalism},
  author={Borg, Emma},
  journal={The Pragmatics Encyclopedia. Routledge},
  pages={423--425},
  year={2009}
}

@article{borg2010,
  title={Emma Borg Minimalism and the Content of the Lexicon},
  author={Borg, Emma},
  journal={Meaning and context},
  volume={2},
  pages={51},
  year={2010},
  publisher={Peter Lang}
}

@book{borg2012pursuing,
  title={Pursuing meaning},
  author={Borg, Emma},
  year={2012},
  publisher={Oxford University Press}
}


@article{bach2006excluded,
  title={The excluded middle: Semantic minimalism without minimal propositions},
  author={Bach, Kent},
  journal={Philosophy and Phenomenological Research},
  volume={73},
  number={2},
  pages={435--442},
  year={2006},
  publisher={Wiley Online Library}
}

@article{lepore2005insensitive,
  title={Insensitive Semantics: A Defense of Semantic Minimalism and Speech Act Pluralism},
  author={Lepore, Ernest and Cappelen, Herman},
  year={2005}
}

@article{cappelen2004tall,
  title={A tall tale: In defense of semantic minimalism and speech act pluralism},
  author={Cappelen, Herman and Lepore, Ernest},
  journal={Canadian Journal of Philosophy},
  volume={34},
  number={sup1},
  pages={2--28},
  year={2004},
  publisher={Taylor \& Francis}
}


Akpoue 2016 memo

@book{akpoue2016,
	author={Akpou\'e, Josu\'e},
	title={{Noms propres et parenté génétique dans les langues Kwa}},
	publisher={M\'emoire de maitrise, Universit\'e Felix Houphou\"et-Boigny},
	address={Abidjan},
	year={2016},
}


Montague 1970

@article{montague1970english,
	title={English as a formal language},
	author={Montague, Richard},
	year={1970}
}

Portner textbook

@book{portner2005meaning,
	title={What is meaning?: Fundamentals of formal semantics},
	author={Portner, Paul},
	publisher={Blackwell},
	year={2005}
}



Kleiber 1981 these

@book{kleiber1981,
	author={Kleiber, Georges},
	title={Problèmes de référence. Descriptions définies et noms propres},
	year={1981},
	publisher={Klincksieck},
	location={Paris},
} 

@misc{akpoue2016josabilang,
	author = {Akpou\'e, Josu\'e},
	title = {Remarque sur la th\'eorie de la Phonologie},
	year = {2016},
	howpublished = {Atelier d'Abidjan pour les Langues n\'egro-africaines et la Grammaire G\'en\'erative (Abilang16)},
}

Frege 1892

@article{frege92sinn,
	author = {Frege, Glottlob},
	title = {{\"U}ber {S}inn und {B}edeutung},
	journaltitle = {Zeitschrift f\"ur Philosophie und philosophische Kritik},
	year = {1892},
	pages = {20 -- 50}
	note = {Trad. fr. Sens et dénotation, in Ecrits logiques et philosophiques (pp. 102–126), Paris : Seuil, 1971}
}

Frege1892

@article{frege92concept,
	author = {Frege, Glottlob},
	title = {{\"U}ber {B}egriff und {G}egenstand},
	journaltitle = {Vierteljahreszeitschrift f\"ur wissenschaftliche Philosophie},
	year = {1892},
	volume = {16},
	pages = {192 -- 205},
	note = {Trad. fr. Concept et objet, in Ecrits logiques et philosophiques (pp. 127–154), Paris : Seuil, 1971},
}

=== Di Sciulo =========

@article{disciullo2014minimalism,
	title={Minimalism and I-morphology},
	author={Di Sciullo, Anna Maria},
	journal={Minimalism and Beyond: Radicalizing the interfaces},
	volume={11},
	pages={267},
	year={2014},
	publisher={John Benjamins Publishing Company}
}

@book{disciullo_williams1987word,
	title={On the definition of word},
	author={Di Sciullo, Anna-Maria and Williams, Edwin},
	volume={14},
	year={1987},
	publisher={Springer}
}

=== DM ===

@article{halle1993distributed,
	title={Distributed morphology and the pieces of inflection},
	author={Halle, Morris and Marantz, Alec},
	year={1993},
	publisher={Citeseer}
}

@article{harley1999distributed,
	title={Distributed morphology},
	author={Harley, Heidi and Noyer, Rolf},
	journal={Glot international},
	volume={4},
	number={4},
	pages={3--9},
	year={1999}
}


@article{noyer_sd_site,
	author={Noyer, Ralph},
	title={Distributed Morphology: Frequently Asked Questions List},
	year={sd},
	journal=$<$http://www.ling.upenn.edu/~rnoyer/dm/$>$
}

@article{harley_sd_site,
	author={Harley, Heidi},
	title={Heidi Harley : Research},
	year={sd},
	journal=$<$http://heidiharley.com/research/$>$
}

=== CHOMSKY ===

@article{chomsky2005appendix,
	title={Appendix. The minimalist program},
	author={Chomsky, Noam and Hauser, Marc D and Fitch, W Tecumseh},
	journal={Unpublished, available at arti.vub.ac.be/cursus/2005-2006/mwo/03b-mp.pdf},
	year={2005}
}



@book{chomsky1986knowledge,
	title={Knowledge of language: Its nature, origin, and use},
	author={Chomsky, Noam},
	year={1986},
	publisher={Greenwood Publishing Group}
}

@misc{chomsky2014problems,
	title={Problems of projection: extensions. Ms},
	author={Chomsky, Noam},
	year={2014},
	publisher={MIT}
}

@article{chomsky2003reply,
	title={Reply to Ludlow},
	author={Chomsky, Noam},
	year={2003}
}

@book{chomsky2005nouveaux,
	title={Nouveaux horizons dans l'{\'e}tude du langage et de l'esprit},
	author={Chomsky, Noam},
	year={2005},
	publisher={Stock}
}

=== PIETROSKI ===

@article{pietroski2008minimalist,
	title={Minimalist meaning, internalist interpretation},
	author={Pietroski, Paul M},
	journal={Biolinguistics},
	volume={2},
	number={4},
	pages={317--341},
	year={2008}
}

@inproceedings{pietroski2011minimal,
	title={Minimal semantic instructions},
	author={Pietroski, Paul M},
	booktitle={In the Oxford Handbook on Linguistic Minimalism},
	year={2011},
	organization={Citeseer}
}

=== SAMUELS ===

@misc{samuels2007stringtheory,
	author = {Samuels, Bridget Diane},
	title = {A String Theory of Syllables},
	year = {2007},
	howpublished = {Communication \`a {CUNY Phonology Forum}},
}


@book{samuels2009structure,
	title={The structure of phonological theory},
	author={Samuels, Bridget Diane},
	year={2009},
	publisher={Harvard University}
}

@book{samuels2011architecture,
	title={Phonological Architecture: A Biolinguistic Perspective},
	author={Samuels, Bridget Diane},
	year={2011},
	publisher={Oxford University Press}
}


=== CS16 ===

@article{cs16,
	title={A formalization of minimalist syntax},
	author={Collins, Chris and Stabler, Edward},
	journal={Syntax},
	volume={19},
	number={1},
	pages={43--78},
	year={2016},
	publisher={Wiley Online Library}
}

=== ROUVERET ===

@book{rouveret2016arguments,
	title={Arguments minimalistes: une pr{\'e}sentation du Programme minimaliste de Noam Chomsky},
	author={Rouveret, Alain},
	year={2016},
	publisher={ENS {\'e}ditions}
}

=== ADGER ===

@article{adger2010minimalist,
	title={A minimalist theory of feature structure},
	author={Adger, David},
	journal={Features: Perspectives on a key notion in linguistics},
	pages={185--218},
	year={2010},
	publisher={Oxford University Press Oxford}
}

@article{adger2011features,
	title={Features in minimalist syntax},
	author={Adger, David and Svenonius, Peter},
	journal={The Oxford handbook of linguistic minimalism},
	pages={27--51},
	year={2011},
	publisher={Oxford: OUP}
}

@article{adger2005merge,
	title={Merge and Move: Wh-dependencies revisited},
	author={Adger, David and Ramchand, Gillian},
	journal={Linguistic inquiry},
	volume={36},
	number={2},
	pages={161--193},
	year={2005},
	publisher={MIT Press}
}


=== AKPOUE_KOUAKOU ===

@article{akpoue_kouakou2018tamlex,
	title={Encodage lexical des TAM dans les langues naturelles : cas du baoul\'e et du b\`{\ee}r\'{\ee}},
	author={Akpou\'e, K. Josu\'e and Kouakou, N'Guessan Gwladys},
	journal={Communication au 1er Colloque International Hispano-Africain},
	year={2018}
}

=== HAUSER_CHOMSKY_FITCH ===

@article{hcf2002fln,
	title={The faculty of language: What is it, who has it, and how did it evolve?},
	author={Hauser, Marc D and Chomsky, Noam and Fitch, W Tecumseh},
	journal={science},
	volume={298},
	number={5598},
	pages={1569--1579},
	year={2002},
	publisher={American Association for the Advancement of Science}
}

=== RICHARD ===

@book{richard2013syntactocentrisme,
	title={La signification linguistique entre effets de structures 	et effets de contexte},
	author={Richard, Vincent},
	year={2013},
	publisher={UNIVERSIT\'E PARIS I PANTH\'EON-SORBONNE}
}

=== DRESHER ===

@article{dresher2014arc,
	title={The arch not the stones: Universal feature theory without universal features},
	author={Dresher, B. Elan},
	journal={Nordlyd},
	volume={42.1},
	number={special issue on Features},
	pages={165--181},
	year={2014},
	editor={Krämer, Martin and Ronai, Sandra
	and Svenonius, Peter},
	publisher={University of Tromso},
	url={http://septentrio.uit.no/index.php/nordlyd}
}


=== BLEVINS ===

@book{blevins2004evolutionary,
	title={Evolutionary phonology: The emergence of sound patterns},
	author={Blevins, Juliette},
	year={2004},
	publisher={Cambridge University Press}
}

@article{blevins2006synopsis,
	title={A theoretical synopsis of Evolutionary Phonology},
	author={Blevins, Juliette},
	journal={Theoretical Linguistics},
	volume={32},
	number={2},
	pages={117--166},
	year={2006},
	publisher={Walter de Gruyter},
}


=== MARTINS ===

@article{martins2012review-samuels,
	title={Bridget {D. SAMUELS.} Phonological Architecture: A Biolinguistic Perspective. Oxford: Oxford University Press. 2011. 252 p. ISBN: 978-0-19-969436-5},
	author={Martins, Pedro Tiago},
	journal={Revista de Estudos Linguísticos da Univerdade do Porto},
	volume={7},
	pages={209--216},
	year={2012}
}


=== KROUWA ===

@book{krouwa2016memo,
	author={Krouwa, St\'ephanie Tanoa},
	title={{Les voyelles de l'Agni-Bini : une \'etude phonologique fond\'ee sur le Minimalisme}},
	publisher={M\'emoire de maitrise, Universit\'e Felix Houphou\"et-Boigny},
	year={2016},
}